@article{music_generation_by_deep,
  title={Music generation by deep learning - challenges and directions},
  author={Briot, Jean-Pierre and Pachet, Fran{\c{c}}ois},
  journal={arXiv preprint arXiv:1712.04371},
  year={2017}
}

@article{algorithmic_composition_computational_thinking,
  title={Algorithmic composition: computational thinking in music},
  author={Edwards, Michael},
  journal={Communications of the ACM},
  volume={54},
  number={7},
  pages={58--67},
  year={2011},
  publisher={ACM}
}

@inproceedings{end-to-end_musical_key_estimation,
  title={End-to-end musical key estimation using a convolutional neural network},
  author={Korzeniowski, Filip and Widmer, Gerhard},
  booktitle={2017 25th European Signal Processing Conference (EUSIPCO)},
  pages={966--970},
  year={2017},
  organization={IEEE}
}

@inproceedings{a_survey_of_melody,
  title={A survey of melody extraction techniques for music information retrieval},
  author={Isikhan, Cihan and Ozcan, Giyasettin},
  booktitle={Proceedings of 4th Conference on Interdisciplinary Musicology (SIMâ€™08), Thessaloniki, Greece},
  year={2008}
}

@article{modeling_musical_context_with,
  title={Modeling musical context with word2vec},
  author={Herremans, Dorien and Chuan, Ching-Hua},
  journal={arXiv preprint arXiv:1706.09088},
  year={2017}
}

@inproceedings{the_challenge_of_realistic,
  title={The challenge of realistic music generation: modelling raw audio at scale},
  author={Dieleman, Sander and van den Oord, Aaron and Simonyan, Karen},
  booktitle={Advances in Neural Information Processing Systems},
  pages={7989--7999},
  year={2018}
}

@article{morpheus_automatic_music_generation,
  title={MorpheuS: automatic music generation with recurrent pattern constraints and tension profiles},
  author={Herremans, Dorien},
  year={2016}
}

@inproceedings{deepbach_a_steerable_model,
  title={DeepBach: a steerable model for Bach chorales generation},
  author={Hadjeres, Ga{\"e}tan and Pachet, Fran{\c{c}}ois and Nielsen, Frank},
  booktitle={Proceedings of the 34th International Conference on Machine Learning-Volume 70},
  pages={1362--1371},
  year={2017},
  organization={JMLR. org}
}

@inproceedings{improved_music_feature_learning,
  title={Improved music feature learning with deep neural networks},
  author={Sigtia, Siddharth and Dixon, Simon},
  booktitle={2014 IEEE international conference on acoustics, speech and signal processing (ICASSP)},
  pages={6959--6963},
  year={2014},
  organization={IEEE}
}

@inproceedings{learning_features_from_music,
  title={Learning features from music audio with deep belief networks},
  author={Hamel, Philippe and Eck, Douglas},
  booktitle={ISMIR},
  volume={10},
  pages={339--344},
  year={2010},
  organization={Utrecht, The Netherlands}
}

@article{deep_learning_for_music,
  title={Deep learning for music},
  author={Huang, Allen and Wu, Raymond},
  journal={arXiv preprint arXiv:1606.04930},
  year={2016}
}

@article{generating_music_using_an,
  title={Generating music using an LSTM network},
  author={Kotecha, Nikhil and Young, Paul},
  journal={arXiv preprint arXiv:1804.07300},
  year={2018}
}

@article{a_functional_taxonomy_of,
  title={A functional taxonomy of music generation systems},
  author={Herremans, Dorien and Chuan, Ching-Hua and Chew, Elaine},
  journal={ACM Computing Surveys (CSUR)},
  volume={50},
  number={5},
  pages={69},
  year={2017},
  publisher={ACM}
}
